<?xml version="1.0" encoding="UTF-8"?><collection xmlns="http://www.loc.gov/MARC21/slim"><record><leader>00517nam--2200181-i-4500</leader><controlfield tag="001">000012107</controlfield><controlfield tag="002">20161230</controlfield><controlfield tag="005">20161230201029</controlfield><controlfield tag="008">060222s1000------------r-----000-0-ger-d</controlfield><datafield ind1=" " ind2=" " tag="040"><subfield code="a">IFIN-HH</subfield></datafield><datafield ind1=" " ind2=" " tag="041"><subfield code="a">ger</subfield></datafield><datafield ind1=" " ind2=" " tag="080"><subfield code="a">539.1</subfield></datafield><datafield ind1="1" ind2=" " tag="100"><subfield code="a">Born, Max</subfield></datafield><datafield ind1="1" ind2="0" tag="245"><subfield code="a">Der aufbau der materie. mit 36 textabbildungen</subfield><subfield code="b">Drei aufsatze uber moderne atomistik und elektronentheorie</subfield><subfield code="c">Max born</subfield></datafield><datafield ind1=" " ind2=" " tag="260"><subfield code="a">Berlin</subfield><subfield code="b">Verlag Von Julius Springer</subfield><subfield code="c">1920</subfield></datafield><datafield ind1=" " ind2=" " tag="300"><subfield code="a">81 P</subfield></datafield><datafield ind1=" " ind2=" " tag="852"><subfield code="a">44583</subfield><subfield code="c">H.H</subfield></datafield><datafield ind1=" " ind2=" " tag="CAT"><subfield code="a">Sys</subfield><subfield code="c">20130412</subfield><subfield code="h">102623</subfield></datafield></record></collection>